@inproceedings{shih2012brain,
	title={Brain-computer interfaces in medicine},
	author={Shih, Jerry J and Krusienski, Dean J and Wolpaw, Jonathan R},
	booktitle={Mayo Clinic Proceedings},
	volume={87},
	number={3},
	pages={268--279},
	year={2012},
	organization={Elsevier}
}

@article{hill2012recording,
	title={Recording human electrocorticographic (ECoG) signals for neuroscientific research and real-time functional cortical mapping},
	author={Hill, N Jeremy and Gupta, Disha and Brunner, Peter and Gunduz, Aysegul and Adamo, Matthew A and Ritaccio, Anthony and Schalk, Gerwin},
	journal={JoVE (Journal of Visualized Experiments)},
	number={64},
	pages={e3993},
	year={2012}
}

@article{aminoff2012electroencephalography,
	title={Electroencephalography: general principles and clinical applications},
	author={Aminoff, Michael J},
	journal={Electrodiagnosis in Clinical Neurology, 6th ed.; Aminoff, MJ, Ed},
	pages={37--84},
	year={2012}
}

@article{morishita2014brain,
  title={Brain-machine interface to control a prosthetic arm with monkey ECoGs during periodic movements},
  author={Morishita, Soichiro and Sato, Keita and Watanabe, Hidenori and Nishimura, Yukio and Isa, Tadashi and Kato, Ryu and Nakamura, Tatsuhiro and Yokoi, Hiroshi},
  journal={Frontiers in neuroscience},
  volume={8},
  pages={417},
  year={2014},
  publisher={Frontiers}
}

@article{alexander2013traveling,
	title={Traveling waves and trial averaging: the nature of single-trial and averaged brain responses in large-scale cortical signals},
	author={Alexander, David M and Jurica, Peter and Trengove, Chris and Nikolaev, Andrey R and Gepshtein, Sergei and Zvyagintsev, Mikhail and Mathiak, Klaus and Schulze-Bonhage, Andreas and Ruescher, Johanna and Ball, Tonio and others},
	journal={Neuroimage},
	volume={73},
	pages={95--112},
	year={2013},
	publisher={Elsevier}
}

@article{chin2007identification,
	title={Identification of arm movements using correlation of electrocorticographic spectral components and kinematic recordings},
	author={Chin, C{\'e}sar M{\'a}rquez and Popovic, Milos R and Thrasher, Adam and Cameron, Tracy and Lozano, Andres and Chen, Robert},
	journal={Journal of neural engineering},
	volume={4},
	number={2},
	pages={146},
	year={2007},
	publisher={IOP Publishing}
}

@article{eliseyev2014stable,
	title={Stable and artifact-resistant decoding of 3D hand trajectories from ECoG signals using the generalized additive model},
	author={Eliseyev, Andrey and Aksenova, Tatiana},
	journal={Journal of neural engineering},
	volume={11},
	number={6},
	pages={066005},
	year={2014},
	publisher={IOP Publishing}
}

@inproceedings{loza2017unsupervised,
	title={Unsupervised robust detection of behavioral correlates in ECoG},
	author={Loza, Carlos A and Principe, Jose C},
	booktitle={2017 8th International IEEE/EMBS Conference on Neural Engineering (NER)},
	pages={509--512},
	year={2017},
	organization={IEEE}
}

@inproceedings{rosipal2005overview,
	title={Overview and recent advances in partial least squares},
	author={Rosipal, Roman and Kramer, Nicole},
	booktitle={International Statistical and Optimization Perspectives Workshop Subspace, Latent Structure and Feature Selection},
	pages={34--51},
	year={2005},
	organization={Springer}
}

@article{eliseyev2016penalized,
	title={Penalized multi-way partial least squares for smooth trajectory decoding from electrocorticographic (ECoG) recording},
	author={Eliseyev, Andrey and Aksenova, Tetiana},
	journal={PloS one},
	volume={11},
	number={5},
	year={2016},
	publisher={Public Library of Science}
}

@inproceedings{zhao2010ecog,
	title={ECoG-based brain-computer interface using relative wavelet energy and probabilistic neural network},
	author={Zhao, Hai-bin and Yu, Chun-yang and Liu, Chong and Wang, Hong},
	booktitle={2010 3rd International Conference on Biomedical Engineering and Informatics},
	volume={2},
	pages={873--877},
	year={2010},
	organization={IEEE}
}

@article{song2017unsupervised,
	title={Unsupervised Learning of Spike Patterns for Seizure Detection and Wavefront Estimation of High Resolution Micro Electrocorticographic ($$\backslash$mu $ ECoG) Data},
	author={Song, Yilin and Wang, Yao and Viventi, Jonathan},
	journal={IEEE transactions on nanobioscience},
	volume={16},
	number={6},
	pages={418--427},
	year={2017},
	publisher={IEEE}
}

@inproceedings{zhao2014coupled,
	title={Coupled hidden markov model for electrocorticographic signal classification},
	author={Zhao, Rui and Schalk, Gerwin and Ji, Qiang},
	booktitle={2014 22nd International Conference on Pattern Recognition},
	pages={1858--1862},
	year={2014},
	organization={IEEE}
}

@article{motrenko2018multi,
	title={Multi-way feature selection for ECoG-based Brain-Computer Interface},
	author={Motrenko, Anastasia and Strijov, Vadim},
	journal={Expert Systems with Applications},
	volume={114},
	pages={402--413},
	year={2018},
	publisher={Elsevier}
}

@article{rodriguez2010quadratic,
	title={Quadratic programming feature selection},
	author={Rodriguez-Lujan, Irene and Huerta, Ramon and Elkan, Charles and Cruz, Carlos Santa},
	journal={Journal of Machine Learning Research},
	volume={11},
	number={Apr},
	pages={1491--1516},
	year={2010}
}

@article{xie2018deep,
	title={Deep Learning Approach for Brain Machine Interface},
	author={Xie, Ziqian},
	year={2018}
}

@article{bundy2016decoding,
	title={Decoding three-dimensional reaching movements using electrocorticographic signals in humans},
	author={Bundy, David T and Pahwa, Mrinal and Szrama, Nicholas and Leuthardt, Eric C},
	journal={Journal of neural engineering},
	volume={13},
	number={2},
	pages={026021},
	year={2016},
	publisher={IOP Publishing}
}

@article{chao2010long,
	title={Long-term asynchronous decoding of arm motion using electrocorticographic signals in monkey},
	author={Chao, Zenas C and Nagasaka, Yasuo and Fujii, Naotaka},
	journal={Frontiers in neuroengineering},
	volume={3},
	pages={3},
	year={2010},
	publisher={Frontiers}
}

@article{lawhern1611eegnet,
	title={EEGnet: A compact convolutional network for EEG-based brain-computer interfaces. arXiv 2016},
	author={Lawhern, VJ and Solon, AJ and Waytowich, NR and Gordon, SM and Hung, CP and Lance, BJ},
	journal={arXiv preprint arXiv:1611.08024}
}

@article{walker2015deep,
	title={Deep convolutional neural networks for brain computer interface using motor imagery},
	author={Walker, Ian and Deisenroth, Marc and Faisal, Aldo},
	journal={Imperial college of science, technology and medicine department of computing},
	pages={68},
	year={2015}
}

@article{grossmann1984decomposition,
	title={Decomposition of Hardy functions into square integrable wavelets of constant shape},
	author={Grossmann, Alexander and Morlet, Jean},
	journal={SIAM journal on mathematical analysis},
	volume={15},
	number={4},
	pages={723--736},
	year={1984},
	publisher={SIAM}
}